@article{dobrev2012,
author = "Dobrev, V. A. and Kolev, T. V. and Rieben, R. N.",
title = "High-order curvilinear finite element methods for {L}agrangian Hydrodynamics",
journal = "SIAM Journal on Scientific Computing",
year = 2012,
volume = 34,
number = 5,
doi = {https://doi.org/10.1137/120864672},
}