@article{hasegawa1977,
author = "Hasegawa, A. and Mima, K.",
year = 1977,
title = "Stationary spectrum of strong turbulence in magnetized nonuniform plasma",
journal = "Phys. Rev. Lett.",
volume = 39,
number = 4,
pages = "205--208",
}