@book{thompson1988,
author = "Thompson, P. A.",
year = 1988,
title = "Compressible-Fluid Dynamics",
publisher = "[s.l.]:[s.i.]",
note = "3rd print. (corr.)",
series = "Advanced Engineering Series",
}