@article{hasegawa1977,
author = "Hasegawa, A. and Mima, K.",
year = 1977,
title = "Stationary spectrum of strong turbulence in magnetized nonuniform plasma",
journal = "Phys. Rev. Lett.",
volume = 39,
number = 4,
pages = "205--208",
}

@article{horton1994,
author = "Horton, W. and Hasegawa, A.",
year = 1994,
title = "Quasi two-dimensional dynamics of plasmas and fluids",
journal = "Chaos",
volume = 4,
number = 227,
doi = {10.1063/1.166049},
}

@article{wakatani1984,
author = "Wakatani, M. and Hasegawa, A.",
year = 1984,
title = "A collisional drift wave description of plasma edge turbulence",
journal = "Phys. Fluids",
volume = 27,
number = 611,
doi = {10.1063/1.864660},
}

@article{hasegawa1987,
author = "Hasegawa, A. and Wakatani, M.",
year = 1987,
title = "Self-organization of electrostatic turbulence in a cylindrical plasma",
journal = "Phys. Rev. Lett.",
volume = 59,
number = 1581,
doi = {10.1103/PhysRevLett.59.1581},
}