@incollection{lee1985,
author = "Lee, J.",
year = 1985,
title = "Basic governing equations for the flight regimes of aeroassisted orbital transfer vehicles",
booktitle = "Thermal Design of Aeroassited Orbital Transfer Vehicles",
publisher = "AIAA",
editor = "Nelson, H. F.",
volume = 96,
pages = "3--53",
}

@article{millikan1963,
author = "Millikan, R. and White, D.",
year = 1963,
title = "Systematics of Vibrational Relaxation",
journal = "J. Chem. Phys.",
volume = 39,
number = 12,
pages = "3209--3213",
}

@book{park1990,
author = "Park, C.",
title = "Nonequilibrium Hypersonic Aerothermodynamics",
year = 1990,
publisher = "John Wiley \& Sons Inc.",
address = "New York",
}

@inproceedings{dolton1968,
author = "Dolton, T. A. and Maurer, R. E. and Goldstein, H. E.",
title = "Thermodynamic performance of carbon in hyperthermal environments",
booktitle = "3\textsuperscript{rd} Thermophysics Conference",
year = 1968,
number = "68-754",
organization = "AIAA",
address = "Los Angeles, California",
month = "June",
}

@techreport{mcbride1963,
author = "McBride, B. J. and Heimel, S. and Ehlers, J. G. and Gordon, S.",
title = "Thermodynamic properties to 6000 {K} for 210 substances involving the first 18 elements",
institution = "Lewis Research Center",
year = "1963",
number = "NASA SP-3001", 
address = "Cleveland, Ohio",
}

@article{park1993,
author = "Park, C.",
year = 1993,
title = "Review of Chemical-Kinetic Problems of Future NASA Missions, {I}: Earth Entries",
journal = "J. Thermophys. Heat Tr.",
volume = 7,
number = 3,
pages = "385--398"
}

@book{poinsot2012,
author = "Thierry, P. and Veynante, D.",
title = "Theoretical and Numerical Combustion",
year = 2012,
publisher = "Aquaprint",
address = "Bordeaux, France"
}

@phdthesis{knisely2018,
author = "Knisely, C. P.",
title = "Supersonic Unstable Modes in Hypersonic Boundary Layers with Thermochemical Nonequilibrium Effects",
school = "University of California, Los Angeles",
year = 2018,
}

@article{wilke1950,
author = "Wilke, C. R.",
year = 1950,
title = "A viscosity equation for gas mixtures",
journal = "J. Chem. Phys.",
volume = 18,
number = 4,
pages = "517--519",
}

@techreport{blottner1971,
author = "Blottner, F. and Johnson, M. and Ellis, M.",
title = "Chemically Reacting Gas Viscous flow Program for Multi-Component Gas Mixtures",
institution = "Sandia National Laboratories",
year = 1971,
number = "SC-RR-70-754",
}

@book{thompson1988,
author = "Thompson, P. A.",
year = 1988,
title = "Compressible-Fluid Dynamics",
publisher = "[s.l.]:[s.i.]",
note = "3rd print. (corr.)",
series = "Advanced Engineering Series",
}

@article{palmer2003,
author = "Palmer, G. E. and Wright, M. J.",
year = 2003,
title = "Comparison of methods to compute high-temperature gas viscosity",
journal = "J. Thermophys. Heat Tr.",
volume = 17,
number = 2,
pages = "232--239"
}