@techreport{rogallo1981,
author = "Rogallo, R. S.",
title = "Numerical Experiments in Homogeneous Turbulence",
institution = "National Aeronautics and Space Administration",
year = 1981,
number = "81315",
}